<?xml version="1.0" encoding="UTF-8"?><collection xmlns="http://www.loc.gov/MARC21/slim"><record><leader>00341nam--2200121-i-4500</leader><controlfield tag="001">000003574</controlfield><controlfield tag="002">20161230</controlfield><controlfield tag="005">20161230201025</controlfield><controlfield tag="008">060222s1000------------r-----000-0-eng-d</controlfield><datafield ind1=" " ind2=" " tag="100"><subfield code="a">Adam, M</subfield></datafield><datafield ind1=" " ind2=" " tag="245"><subfield code="a">Encyclopedie de la radioelectricite. diction- naire et formulatire</subfield></datafield><datafield ind1=" " ind2=" " tag="260"><subfield code="a">Paris, Etienne Chiron Editeur, 1946 Xvi + 622 P</subfield></datafield><datafield ind1=" " ind2=" " tag="852"><subfield code="a">1979</subfield></datafield></record></collection>